@misc{wagner_2019, 
    title={Absenteeism at work}, 
    url={https://www.kaggle.com/datasets/kewagbln/absenteeism-at-work-uci-ml-repositiory}, 
    journal={Kaggle}, 
    author={Wagner, Kerstin}, 
    year={2019}, 
    month={Dec}
} 
 
@misc{vulpen_2021, 
     title={Absenteeism in the workplace: A full guide}, 
     url={https://www.aihr.com/blog/absenteeism/}, 
     journal={AIHR}, 
     author={Vulpen, Erik van}, 
     year={2021}, 
     month={Dec}
 } 

@misc{team_2021, 
     title={T-tests in R - learn to perform &amp; use it today itself!}, 
     url={https://data-flair.training/blogs/t-tests-in-r/}, 
     journal={DataFlair}, 
     author={Team, DataFlair},
     year={2021}, 
     month={Aug}
} 

 @misc{cosentino_2022, 
 title={Disciplinary action at work: All HR needs to know}, 
 url={https://www.aihr.com/blog/disciplinary-action/}, 
 journal={AIHR}, author={Cosentino, Jayla}, 
 year={2022}, 
 month={Aug}} 


@misc{[mcleod_1970, title={[what a P-value tells you about statistical significance]}, 
     url={https://www.simplypsychology.org/p-value.html}, 
     journal={P}, 
     author={[McLeod, SA]}, 
     year={1970}, 
     month={Jan}
} 

 @misc{maroney_2017, 
     title={New survey reveals how many employees take time off during December â€¢ The Workforce Institute at UKG}, 
     url={https://workforceinstitute.org/new-survey-reveals-how-many-employees-take-time-off-during-december/}, 
     journal={The Workforce Institute at UKG}, 
     author={Maroney, Joyce}, 
     year={2017}, 
     month={Aug}
} 
 